@misc{uieda2016a,
	title = {A gravity-derived Moho model for South America: source code, data, and model results from "{F}ast non-linear gravity inversion in spherical coordinates with application to the {S}outh {A}merican {M}oho"},
	howpublished = {figshare, available from: http://dx.doi.org/10.6084/m9.figshare.3987267},
	author = {{Uieda}, Leonardo and Barbosa, C. F. Val\'eria},
	year = {2016},
	doi = {10.6084/m9.figshare.3987267},
	note = {Accessed October 2016}
}
