@article{touvron2023llama,
  title={LLaMA: Open and Efficient Foundation Language Models},
  author={Touvron, Hugo and Lavril, Thibaut and Izacard, Gautier and Martinet, Xavier and Lachaux, Marie-Anne and Lacroix, Timothée and Rozière, Baptiste and Goyal, Naman and Hambro, Eric and Azhar, Faisal and Rodriguez, Aurelien and Joulin, Armand and Grave, Edouard and Lample, Guillaume},
  journal={arXiv preprint arXiv:2302.13971},
  year={2023}
}

@inproceedings{saad2010damastv,
  title={DamasTV: um Jogo de Damas para o SBTVD},
  author={Saad, DCM and Silva, ECO},
  booktitle={IX SBGames 2010},
  volume={1},
  number={2010},
  pages={260--263},
  year={2010}
}

@phdthesis{silva2013jns,
  title={JNS E NCL4WEB: AUXILIANDO O DESENVOLVIMENTO E DIVULGA{\c{C}}{\~A}O DE DOCUMENTOS NCL},
  author={SILVA, ESDRAS CALEB OLIVEIRA},
  year={2013},
  school={Universidade Federal Fluminense}
}

@inproceedings{silva2013ncl4web,
  title={NCL4WEB: translating NCL applications to HTML5 web pages},
  author={Silva, Esdras Caleb Oliveira and dos Santos, Joel AF and Muchaluat-Saade, D{\'e}bora C},
  booktitle={Proceedings of the 2013 ACM symposium on Document engineering},
  pages={253--262},
  year={2013}
}


@article{clark1999xsl,
  title={Xsl transformations (xslt)},
  author={Clark, James and others},
  journal={World Wide Web Consortium (W3C). URL http://www. w3. org/TR/xslt},
  volume={103},
  year={1999},
  publisher={Citeseer}
}


@article{soares2007ginga,
  title={Ginga-NCL: the declarative environment of the Brazilian digital TV system},
  author={Soares, Luiz Fernando Gomes and Rodrigues, Rog{\'e}rio Ferreira and Moreno, M{\'a}rcio Ferreira},
  journal={Journal of the Brazilian Computer Society},
  volume={13},
  pages={37--46},
  year={2007},
  publisher={Springer}
}

@techreport{radsec2011,
  title        = {Relatório do RadSec: Acesso RADIUS Federado Seguro utilizando Certificação Digital},
  author       = {Débora C. Muchaluat Saade and Célio Vinicius Neves de Albuquerque and Luiz Cláudio Schara Magalhães and Luís Henrique Maciel Kosmalski Costa and Miguel Elias Mitre Campista and Marcelo Luiz Drumond Lanza and Ronaldo Alves Ferreira and Hana Karina Salles Rubinsztejn and Edelberto Franco Silva and Esdras Caleb Oliveira Silva and Augusto Tundis Ferreira and Brivaldo Junior and Juliano T. Bergamo and Péricles C. M. Lopes and Thiago Rodines},
  institution  = {Projeto Eduroam-br – Education Roaming em Universidades Brasileiras},
  year         = {2011},
  month        = {October},
  note         = {Disponível em: \url{http://www.midiacom.uff.br/eduroam-br/arquivos/relatorio-eduroam-radsec.pdf}. Acesso em: 22/11/2023.},
}


@article{mendes2007sbtvd,
  title={SBTVD-Uma visao sobre a TV Digital no Brasil},
  author={Mendes, Luciano Leonel},
  journal={T\&C Amaz{\^o}nia, Ano V},
  number={12},
  year={2007}
}

@inproceedings{saad2010damastv,
  title={DamasTV: um Jogo de Damas para o SBTVD},
  author={Saad, DCM and Silva, ECO},
  booktitle={IX SBGames 2010},
  volume={1},
  number={2010},
  pages={260--263},
  year={2010}
}

@inproceedings{barboza2009ginga,
  title={Ginga Game: a framework for game development for the interactive digital television},
  author={Barboza, Diego Cordeiro and Clua, Esteban Walter Gonzales},
  booktitle={2009 VIII Brazilian Symposium on Games and Digital Entertainment},
  pages={162--167},
  year={2009},
  organization={IEEE}
}

@inproceedings{silva2013jnsieee,
  title={JNS: An alternative authoring language for specifying NCL multimedia documents},
  author={Silva, Esdras Caleb O and dos Santos, Joel AF and Muchaluat-Saade, D{\'e}bora C},
  booktitle={2013 IEEE International conference on multimedia and expo workshops (ICMEW)},
  pages={1--6},
  year={2013},
  organization={IEEE}
}

@misc{moodle_tool_deletemessage,
  author       = {Esdras Caleb Oliveira Silva},
  title        = {Delete Messages Plugin},
  year         = {2023},
  howpublished = {\url{https://moodle.org/plugins/tool_deletemessage}},
  note         = {Version 1.0. Licensed under the GNU General Public License. Accessed: 2024-11-23},
}

@misc{moodle_tool_sentry,
  author       = {Esdras Caleb Oliveira Silva and Kelson da Costa MedeirosKelson da Costa Medeiros},
  title        = {Sentry Integration Tool for Moodle},
  year         = {2023},
  howpublished = {\url{https://moodle.org/plugins/tool_sentry}},
  note         = {Version 1.1.0. Licensed under the GNU General Public License. Accessed: 2024-11-23},
}

@misc{godot_scorm,
  author       = {Esdras Caleb Oliveira Silva},
  title        = {Godot Scorm Plugin},
  year         = {2023},
  howpublished = {\url{https://godotengine.org/asset-library/asset/2660}},
  note         = {Version 1.0 Licensed under the MIT License. Accessed: 2024-11-23},
}

@article{yuan2023no,
  title={No more manual tests? evaluating and improving chatgpt for unit test generation},
  author={Yuan, Zhiqiang and Lou, Yiling and Liu, Mingwei and Ding, Shiji and Wang, Kaixin and Chen, Yixuan and Peng, Xin},
  journal={arXiv preprint arXiv:2305.04207},
  year={2023}
}

@misc{sistematicreviem,
  author       = {Esdras Caleb},
  title        = {SistematicReviem: A tool for systematic literature reviews},
  year         = {2024},
  url          = {https://github.com/EsdrasCaleb/sistematicreviem},
  note         = {Accessed: 2024-11-23}
}



